<record><leader>00000cas a2200000 i 4500</leader><controlfield tag="001">13316507</controlfield><controlfield tag="008">860320d1884188uinuwr ne      0    0eng c</controlfield><datafield ind1=" " ind2=" " tag="010"><subfield code="a">sn 86058380 </subfield></datafield><datafield ind1=" " ind2=" " tag="040"><subfield code="a">NPI</subfield><subfield code="b">eng</subfield><subfield code="e">rda</subfield><subfield code="c">NPI</subfield><subfield code="d">OCLCQ</subfield><subfield code="d">IUL</subfield><subfield code="d">OCLCF</subfield><subfield code="d">IUL</subfield></datafield><datafield ind1=" " ind2=" " tag="042"><subfield code="a">pcc</subfield></datafield><datafield ind1=" " ind2=" " tag="043"><subfield code="a">n-us-in</subfield></datafield><datafield ind1="0" ind2="4" tag="245"><subfield code="a">The weekly review-Democrat.</subfield></datafield><datafield ind1=" " ind2="1" tag="264"><subfield code="a">Anderson, Indiana :</subfield><subfield code="b">Glassco Bros. &amp; Rettig</subfield></datafield><datafield ind1=" " ind2=" " tag="300"><subfield code="a">volumes :</subfield><subfield code="b">illustrations (chiefly advertisements) ;</subfield><subfield code="c">56-72 cm</subfield></datafield><datafield ind1=" " ind2=" " tag="310"><subfield code="a">Weekly</subfield></datafield><datafield ind1=" " ind2=" " tag="336"><subfield code="a">text</subfield><subfield code="b">txt</subfield><subfield code="2">rdacontent</subfield></datafield><datafield ind1=" " ind2=" " tag="337"><subfield code="a">unmediated</subfield><subfield code="b">n</subfield><subfield code="2">rdamedia</subfield></datafield><datafield ind1=" " ind2=" " tag="338"><subfield code="a">volume</subfield><subfield code="b">nc</subfield><subfield code="2">rdacarrier</subfield></datafield><datafield ind1="1" ind2=" " tag="362"><subfield code="a">Began in 1884.</subfield></datafield><datafield ind1=" " ind2=" " tag="588"><subfield code="a">Description based on: Volume XVI, number 15 (November 14, 1884); title from masthead, U.S. Newspaper Archive (viewed Aug. 8, 2017).</subfield></datafield><datafield ind1=" " ind2=" " tag="588"><subfield code="a">Latest issue consulted: Volume 18, number 9 (September 24, 1886); U.S. Newspaper Archive (viewed Aug. 8, 2017).</subfield></datafield><datafield ind1=" " ind2="0" tag="651"><subfield code="a">Anderson (Ind.)</subfield><subfield code="v">Newspapers.</subfield></datafield><datafield ind1=" " ind2="0" tag="651"><subfield code="a">Madison County (Ind.)</subfield><subfield code="v">Newspapers.</subfield></datafield><datafield ind1=" " ind2="7" tag="651"><subfield code="a">Indiana</subfield><subfield code="z">Anderson.</subfield><subfield code="2">fast</subfield><subfield code="0">(OCoLC)fst01203002</subfield></datafield><datafield ind1=" " ind2="7" tag="651"><subfield code="a">Indiana</subfield><subfield code="z">Madison County.</subfield><subfield code="2">fast</subfield><subfield code="0">(OCoLC)fst01205328</subfield></datafield><datafield ind1=" " ind2="7" tag="655"><subfield code="a">Newspapers.</subfield><subfield code="2">fast</subfield><subfield code="0">(OCoLC)fst01423814</subfield></datafield><datafield ind1=" " ind2=" " tag="752"><subfield code="a">United States</subfield><subfield code="b">Indiana</subfield><subfield code="c">Madison</subfield><subfield code="d">Anderson.</subfield></datafield><datafield ind1="0" ind2="4" tag="780"><subfield code="t">Anderson review (Anderson, Ind. : 1877)</subfield><subfield code="w">(DLC)sn 86058378</subfield><subfield code="w">(OCoLC)13316480</subfield></datafield><datafield ind1="0" ind2="4" tag="780"><subfield code="t">Anderson Democrat (Anderson, Ind. : 1871)</subfield><subfield code="w">(DLC)sn 84027272</subfield><subfield code="w">(OCoLC)10983647</subfield></datafield><datafield ind1="0" ind2="0" tag="785"><subfield code="t">Anderson Democrat (Anderson, Ind. : 1887)</subfield><subfield code="w">(DLC)sn 86058434</subfield><subfield code="w">(OCoLC)13380820</subfield></datafield><datafield ind1="4" ind2="1" tag="856"><subfield code="u">https://access.newspaperarchive.com/us/indiana/anderson/anderson-democrat/</subfield></datafield></record>